34100000      080220626327000180                    01661 000000038000 4SPACE REAL ESTATE CONSULTORIA 1661-ITAU                               10209202211114400000000001600                                                                     
34100011C3001040 2206263270001801707                01661 000000038000 4SPACE REAL ESTATE CONSULTORIA 01                                      R AURELIANO GUIMARÃES         00172CONJ 18 ANDAR 1SAO PAULO           05727160SP                  
3410001300001A00000034101661 000000055296 6ADALBERTO DE SOUZA DA PAIXÃO                      06092022REA000000000000000000000000271473                    00000000000000000000000HP01                0000000000523043384106                     
3410001300001D   082022GERAL          000000000000013MOTORISTA                     000000000000000000004400000000026655000000000002444900000000030705000000000003557700000000027147300000000026655000000000027804600000000030562001             
3410001300001E   1HORAS EXTRAS 50                    000000000030677REFLEXO EXTRAS DSR                 000000000004545ADICIONAL TEMPO DE SERVICO         000000000005278DIAS NORMAIS                       000000000266550                      
3410001300001E   2IMPOSTO DE RENDA                   000000000006573I N S S                            000000000027574ATRASOS                            000000000001430                                   000000000000000                      
3410001300001E   3TOTAL DE PROVENTOS                 000000000307050TOTAL DE DESCONTOS                 000000000035577TOTAL LIQUIDO                      000000000271473                                   000000000000000                      
3410001300002A00000034108341 000000030040 1DANIEL GRASSO NARDOLILLO                          06092022REA000000000000000000000000290528                    00000000000000000000000HP01                0000000002243637383306                     
3410001300002D   082022GERAL          000000000000015Engenheiro Civil              000000000000000001013000000000000000000000000009115600000000116552200000000087499400000000029052800000000052000000000000024213900000000113946401             
3410001300002E   1HORAS FERIAS                       000000000520000HORAS EXTRAS 50                    000000000031500ADICIONAL CARGO DE CONFIANCA       000000000208000ADICIONAL TEMPO DE SERVICO         000000000002639                      
3410001300002E   1MEDIA VALOR FERIAS                 000000000092950MEDIA HORAS FERIAS                 000000000021908INSS DIF FER DESC A MAIOR          0000000000260581 3 DAS FERIAS                     000000000211619                      
3410001300002E   1DIFERENCA DE 1 3 DE FERIAS         000000000012712DIFERENCA MEDIA VALOR FERIAS       000000000038136                                   000000000000000                                   000000000000000                      
3410001300002E   2IMPOSTO DE RENDA                   000000000002459I N S S                            000000000026058IRRF FERIAS                        000000000117851ADIANTAMENTO DE FERIAS             000000000645788                      
3410001300002E   2INSS FERIAS                        000000000082838                                   000000000000000                                   000000000000000                                   000000000000000                      
3410001300002E   3TOTAL DE PROVENTOS                 000000001165522TOTAL DE DESCONTOS                 000000000874994TOTAL LIQUIDO                      000000000290528                                   000000000000000                      
3410001300003A00000034107385 000000043147 8ALINE REIS MARTINS                                06092022REA000000000000000000000000527255                    00000000000000000000000HP01                0000000004248390981706                     
3410001300003D   082022GERAL          000000000000017Gerente Comercial             000000000000000000004000000000048894000000000005497200000000068715500000000015990000000000052725500000000048894000000000060733600000000068715501             
3410001300003E   1ADICIONAL CARGO DE CONFIANCA       000000000195576ADICIONAL TEMPO DE SERVICO         000000000002639DIAS NORMAIS                       000000000488940                                   000000000000000                      
3410001300003E   2IMPOSTO DE RENDA                   000000000080081I N S S                            000000000079819                                   000000000000000                                   000000000000000                      
3410001300003E   3TOTAL DE PROVENTOS                 000000000687155TOTAL DE DESCONTOS                 000000000159900TOTAL LIQUIDO                      000000000527255                                   000000000000000                      
3410001300004A00000034108723 000000021393 3JACKSON CHAVES DOS SANTOS                         06092022REA000000000000000000000000262683                    00000000000000000000000HP01                0000000004086975882906                     
3410001300004D   082022GERAL          000000000000019ANALISTA DE NEGOCIOS          000000000000000000004000000000026327500000000002358500000000031084200000000004815900000000026268300000000026327500000000026854400000000029482201             
3410001300004E   1HORAS EXTRAS 50                    000000000038938REFLEXO EXTRAS DSR                 000000000005990ADICIONAL TEMPO DE SERVICO         000000000002639DIAS NORMAIS                       000000000254499                      
3410001300004E   1DIAS AFAST P DOENCA C DIR INTE     000000000008776                                   000000000000000                                   000000000000000                                   000000000000000                      
3410001300004E   2IMPOSTO DE RENDA                   000000000005861I N S S                            000000000026278ATRASOS                            000000000016020                                   000000000000000                      
3410001300004E   3TOTAL DE PROVENTOS                 000000000310842TOTAL DE DESCONTOS                 000000000048159TOTAL LIQUIDO                      000000000262683                                   000000000000000                      
3410001300005A00000034103160 000000023337 9RAFAEL REAL PAIVA                                 06092022REA000000000000000000000000351048                    00000000000000000000000HP01                0000000003285278285506                     
3410001300005D   082022GERAL          000000000000021ANALISTA DE NEGOCIOS          000000000000000000004000000000036858500000000003301100000000041264300000000006159500000000035104800000000036858500000000037125600000000041264301             
3410001300005E   1HORAS EXTRAS 50                    000000000036075REFLEXO EXTRAS DSR                 000000000005344ADICIONAL TEMPO DE SERVICO         000000000002639DIAS NORMAIS                       000000000368585                      
3410001300005E   2IMPOSTO DE RENDA                   000000000020208I N S S                            000000000041387                                   000000000000000                                   000000000000000                      
3410001300005E   3TOTAL DE PROVENTOS                 000000000412643TOTAL DE DESCONTOS                 000000000061595TOTAL LIQUIDO                      000000000351048                                   000000000000000                      
3410001300006A00000034103218 000000066922 8VALMIR PEREIRA ALCANTARA                          06092022REA000000000000000000000000535264                    00000000000000000000000HP01                0000000002137356783006                     
3410001300006D   082022GERAL          000000000000023Gerente Comercial             000000000000000000004000000000050000000000000005600000000000070000000000000016473600000000053526400000000050000000000000061838300000000070000001             
3410001300006E   1ADICIONAL CARGO DE CONFIANCA       000000000200000DIAS NORMAIS                       000000000500000                                   000000000000000                                   000000000000000                      
3410001300006E   2IMPOSTO DE RENDA                   000000000083119I N S S                            000000000081617                                   000000000000000                                   000000000000000                      
3410001300006E   3TOTAL DE PROVENTOS                 000000000700000TOTAL DE DESCONTOS                 000000000164736TOTAL LIQUIDO                      000000000535264                                   000000000000000                      
3410001300007A00000034104696 000000002883 8VALQUIRIA RAMOS DA SILVA                          06092022REA000000000000000000000000308127                    00000000000000000000000HP01                0000000004306428788506                     
3410001300007D   082022GERAL          000000000000024COORDENADORA DE PROJETOS      000000000000000000004000000000035000000000000002833200000000035416000000000004603300000000030812700000000035000000000000032076100000000035416001             
3410001300007E   1HORAS EXTRAS 50                    000000000003623REFLEXO EXTRAS DSR                 000000000000537DIAS NORMAIS                       000000000350000                                   000000000000000                      
3410001300007E   2IMPOSTO DE RENDA                   000000000012634I N S S                            000000000033399                                   000000000000000                                   000000000000000                      
3410001300007E   3TOTAL DE PROVENTOS                 000000000354160TOTAL DE DESCONTOS                 000000000046033TOTAL LIQUIDO                      000000000308127                                   000000000000000                      
3410001300008A00000034101622 000000062649 5TERLAINE CARDOZO CANTUARIA GOU                    06092022REA000000000000000000000000204638                    00000000000000000000000HP01                0000000003628709881306                     
3410001300008D   082022GERAL          000000000000025AUXILIAR JURIDICO             000000000000000000004000000000020000000000000001793100000000023014700000000002550900000000020463800000000020000000000000020579200000000022414701             
3410001300008E   1HORAS EXTRAS 50                    000000000024405REFLEXO EXTRAS DSR                 000000000005742DIAS NORMAIS                       000000000133333DIAS AFAST P DOENCA C DIR INTE     000000000066667                      
3410001300008E   2IMPOSTO DE RENDA                   000000000001154I N S S                            000000000018355ATRASOS                            000000000006000                                   000000000000000                      
3410001300008E   3TOTAL DE PROVENTOS                 000000000230147TOTAL DE DESCONTOS                 000000000025509TOTAL LIQUIDO                      000000000204638                                   000000000000000                      
3410001300009A00000034108488 000000050678 6JANETE APARECIDA DA SILVA                         06092022REA000000000000000000000000186268                    00000000000000000000000HP01                0000000002856394485106                     
3410001300009D   082022GERAL          000000000000026ASSISTENTE ADMINISTRATIVO     000000000000000001004000000000020000000000000001621500000000020269200000000001642400000000018626800000000020000000000000018626800000000020269201             
3410001300009E   1HORAS EXTRAS 50                    000000000002325REFLEXO EXTRAS DSR                 000000000000367DIAS NORMAIS                       000000000140000DIAS AFAST P DOENCA C DIR INTE     000000000060000                      
3410001300009E   2I N S S                            000000000016424                                   000000000000000                                   000000000000000                                   000000000000000                      
3410001300009E   3TOTAL DE PROVENTOS                 000000000202692TOTAL DE DESCONTOS                 000000000016424TOTAL LIQUIDO                      000000000186268                                   000000000000000                      
3410001300010A00000034100572 000000085145 9ALESSANDRA DE OLIVEIRA COLARES                    06092022REA000000000000000000000000200901                    00000000000000000000000HP01                0000000004725761982406                     
3410001300010D   082022GERAL          000000000000027AUXILIAR JURIDICO             000000000000000000004000000000020000000000000001750100000000021877200000000001787100000000020090100000000020000000000000020090100000000021877201             
3410001300010E   1HORAS EXTRAS 50                    000000000016350REFLEXO EXTRAS DSR                 000000000002422DIAS NORMAIS                       000000000200000                                   000000000000000                      
3410001300010E   2I N S S                            000000000017871                                   000000000000000                                   000000000000000                                   000000000000000                      
3410001300010E   3TOTAL DE PROVENTOS                 000000000218772TOTAL DE DESCONTOS                 000000000017871TOTAL LIQUIDO                      000000000200901                                   000000000000000                      
3410001300011A00000034106513 000000014752 7GABRIEL ALENCAR NEVES MONTEIRO                    06092022REA000000000000000000000000250090                    00000000000000000000000HP01                0000000004185956584006                     
3410001300011D   082022GERAL          000000000000029ANALISTA DE NEGOCIOS JUNIOR   000000000000000000004000000000025000000000000002234800000000028788900000000003779900000000025009000000000025000000000000025493000000000027935101             
3410001300011E   1HORAS EXTRAS 50                    000000000033000REFLEXO EXTRAS DSR                 000000000004889DIAS NORMAIS                       000000000250000                                   000000000000000                      
3410001300011E   2IMPOSTO DE RENDA                   000000000004840I N S S                            000000000024421ATRASOS                            000000000008538                                   000000000000000                      
3410001300011E   3TOTAL DE PROVENTOS                 000000000287889TOTAL DE DESCONTOS                 000000000037799TOTAL LIQUIDO                      000000000250090                                   000000000000000                      
3410001300012A00000034105589 000000020650 6TIRZA DA SILVA MOTA                               06092022REA000000000000000000000000273201                    00000000000000000000000HP01                0000000004190221988006                     
3410001300012D   082022GERAL          000000000000030ADMINISTRADORA                000000000000000000004000000000030000000000000002461900000000031374300000000004054200000000027320100000000030000000000000027991500000000030774301             
3410001300012E   1HORAS EXTRAS 50                    000000000011970REFLEXO EXTRAS DSR                 000000000001773DIAS NORMAIS                       000000000300000                                   000000000000000                      
3410001300012E   2IMPOSTO DE RENDA                   000000000006714I N S S                            000000000027828ATRASOS                            000000000006000                                   000000000000000                      
3410001300012E   3TOTAL DE PROVENTOS                 000000000313743TOTAL DE DESCONTOS                 000000000040542TOTAL LIQUIDO                      000000000273201                                   000000000000000                      
34100015         000066000000000003661476000000000000000000                                                                                                                                                                                     
34199999         000001000068                                                                                                                                                                                                                   
